<?xml version="1.0" encoding="UTF-8"?><collection xmlns="http://www.loc.gov/MARC21/slim"><record><leader>00367nam--2200121-i-4500</leader><controlfield tag="001">000036731</controlfield><controlfield tag="002">20161230</controlfield><controlfield tag="005">20161230201041</controlfield><controlfield tag="008">060222s1000------------r-----000-0-eng-d</controlfield><datafield ind1=" " ind2=" " tag="100"><subfield code="a">Plummer, A.R</subfield></datafield><datafield ind1=" " ind2=" " tag="245"><subfield code="a">The effect of heat treatment on the breakdown characteristics of silicon on junctions</subfield></datafield><datafield ind1=" " ind2=" " tag="260"><subfield code="a">Reprinted From Journal Of Electronics And Control</subfield></datafield><datafield ind1=" " ind2=" " tag="852"><subfield code="a">5701</subfield></datafield></record></collection>